@article {magma,
    AUTHOR = {Bosma, Wieb and Cannon, John and Playoust, Catherine},
     TITLE = {The {M}agma algebra system. {I}. {T}he user language},
      NOTE = {Computational algebra and number theory (London, 1993)},
   JOURNAL = {J. Symbolic Comput.},
  FJOURNAL = {Journal of Symbolic Computation},
    VOLUME = {24},
      YEAR = {1997},
    NUMBER = {3-4},
     PAGES = {235--265},
}

@article{lenstra,
  author    = {Lenstra, Hendrik W.},
   title    = {Complex multiplication structure of elliptic curves},
    JOURNAL = {J. Number Theory},
  FJOURNAL = {Journal of Number Theory},
    VOLUME = {56},
     ISSUE = {2},
      YEAR = {1996},
     PAGES = {227--241},  
}

@article{velu,
  author    = {V\'elu, Jacques},
   title    = {Isog\'enies entre courbes elliptiques},
    JOURNAL = {C. R. Acad. Sci. Paris S\'{e}r. A-B},
  FJOURNAL = {Comptes Rendus Hebdomadaires des S\'{e}ances de l'Acad\'{e}mie des
              Sciences. S\'{e}ries A et B},
    VOLUME = {273},
      YEAR = {1971},
     PAGES = {A238--A241},  
}
  
@inproceedings{CSURF,
  note      = {\url{https://ia.cr/2019/1404}},
  author    = {Wouter Castryck and
               Thomas Decru},
  title     = {{CSIDH} on the surface},
  booktitle = {PQCrypto},
  series    = {Lecture Notes in Computer Science},
  volume    = {12100},
  pages     = {111--129},
  publisher = {Springer},
  year      = {2020},
}



@misc{keylength,
    author = {ECRYPT â€“ CSA},
    title = {Algorithms, Key Size and Protocols Report (2018)},
    year = {2018},
    note = {Available at \url{https://www.ecrypt.eu.org/csa/documents/D5.4-FinalAlgKeySizeProt.pdf}},
}

@article {miret,
    AUTHOR = {Miret, Josep and Moreno, Ramiro and Sadornil, Daniel and Tena-Ayuso, Juan and
              Valls, Magda},
     TITLE = {An algorithm to compute volcanoes of 2-isogenies of elliptic
              curves over finite fields},
   JOURNAL = {Appl. Math. Comput.},
  FJOURNAL = {Applied Mathematics and Computation},
    VOLUME = {176},
      YEAR = {2006},
    NUMBER = {2},
     PAGES = {739--750},
}

@article {ionicajoux,
    AUTHOR = {Ionica, Sorina and Joux, Antoine},
     TITLE = {Pairing the volcano},
   JOURNAL = {Math. Comp.},
  FJOURNAL = {Mathematics of Computation},
    VOLUME = {82},
      YEAR = {2013},
    NUMBER = {281},
     PAGES = {581--603},
  note       = {\url{https://arxiv.org/abs/1110.3602}},
}

@misc{osidh,
    author = {Col\`o, Leonardo and Kohel, David},
    title = {Orienting supersingular isogeny graphs},
    year = {2019},
    note = {Available at \url{http://nutmic2019.imj-prg.fr/confpapers/OrientIsogGraph.pdf}},
}

@Misc{defeo2017isogenybased,
  author        = {De Feo, Luca},
  title         = {Mathematics of Isogeny Based Cryptography},
  year          = {2017},
  archiveprefix = {arXiv},
  bibsource     = {dblp computer science bibliography, https://dblp.org},
  biburl        = {https://dblp.org/rec/bib/journals/corr/abs-1711-04062},
  eprint        = {1711.04062},
  groups        = {Isogenies},
  timestamp     = {Fri, 01 Dec 2017 14:22:24 +0100},
  url           = {http://arxiv.org/abs/1711.04062},
}

@article{shor,
    author = {Shor, Peter W.},
    title = {Polynomial-Time Algorithms for Prime Factorization and Discrete Logarithms on a Quantum Computer},
    journal = {{SIAM} J. Comput.},
    volume = {26},
    number = {5},
    year = {1997},
    pages = {1484--1509},
    note = {\url{https://arxiv.org/abs/quant-ph/9508027}},
}

@article{RS06,
  author    = {Alexander Rostovtsev and
               Anton Stolbunov},
  title     = {Public-Key Cryptosystem Based on Isogenies},
  journal   = {{IACR} Cryptology ePrint Archive},
  volume    = {2006},
  pages     = {145},
  year      = {2006}
}

@inproceedings{boneh,
  note = {\url{https://crypto.stanford.edu/~dabo/pubs/papers/DDH.pdf}},
  author    = {Dan Boneh},
  title     = {The Decision {D}iffie-{H}ellman Problem},
  booktitle = {{ANTS-III}},
  series    = {Lecture Notes in Computer Science},
  volume    = {1423},
  pages     = {48--63},
  publisher = {Springer},
  year      = {1998}
}


@inproceedings {sutherland,
    AUTHOR = {Sutherland, Andrew V.},
     TITLE = {Isogeny volcanoes},
 BOOKTITLE = {{ANTS-X}},
    SERIES = {Open Book Ser.},
    VOLUME = {1},
     PAGES = {507--530},
 PUBLISHER = {MSP},
      YEAR = {2013},
     note={\url{https://arxiv.org/abs/1208.5370}},
}

@article {ruck,
    AUTHOR = {R\"{u}ck, Hans-Georg},
     TITLE = {A note on elliptic curves over finite fields},
   JOURNAL = {Math. Comp.},
  FJOURNAL = {Mathematics of Computation},
    VOLUME = {49},
      YEAR = {1987},
    NUMBER = {179},
     PAGES = {301--304},
}

@book {smartseroussi,
     TITLE = {Advances in elliptic curve cryptography},
    SERIES = {London Mathematical Society Lecture Note Series},
    VOLUME = {317},
    EDITOR = {Blake, Ian F. and Seroussi, Gadiel and Smart, Nigel P.},
 PUBLISHER = {Cambridge University Press, Cambridge},
      YEAR = {2005},
     PAGES = {xvi+281},
}

@article{DH,
  author    = {Whitfield Diffie and
               Martin E. Hellman},
  title     = {New directions in cryptography},
  journal   = {{IEEE} Trans. Information Theory},
  volume    = {22},
  number    = {6},
  pages     = {644--654},
  year      = {1976}
}

@inproceedings{elgamal,
  author    = {Taher El Gamal},
  title     = {A Public Key Cryptosystem and a Signature Scheme Based on Discrete
               Logarithms},
  booktitle = {{CRYPTO}},
  series    = {Lecture Notes in Computer Science},
  volume    = {196},
  pages     = {10--18},
  publisher = {Springer},
  year      = {1984}
}

@inproceedings{circular,
  author    = {Dan Boneh and
               Shai Halevi and
               Michael Hamburg and
               Rafail Ostrovsky},
  title     = {Circular-Secure Encryption from Decision {D}iffie-{H}ellman},
  booktitle = {{CRYPTO}},
  series    = {Lecture Notes in Computer Science},
  volume    = {5157},
  pages     = {108--125},
  publisher = {Springer},
  year      = {2008}
}

@inproceedings{naor,
  author    = {Moni Naor and
               Omer Reingold},
  title     = {Number-theoretic Constructions of Efficient Pseudo-random Functions},
  booktitle = {{FOCS}},
  pages     = {458--467},
  publisher = {{IEEE} Computer Society},
  year      = {1997}
}

@inproceedings{UCOT,
  author    = {Chris Peikert and
               Vinod Vaikuntanathan and
               Brent Waters},
  title     = {A Framework for Efficient and Composable Oblivious Transfer},
  booktitle = {{CRYPTO}},
  series    = {Lecture Notes in Computer Science},
  volume    = {5157},
  pages     = {554--571},
  publisher = {Springer},
  year      = {2008},
  note={\url{https://ia.cr/2007/348}},
}

@inproceedings{cramershoup,
  note={\url{https://ia.cr/1998/006}},
  author    = {Ronald Cramer and
               Victor Shoup},
  title     = {A Practical Public Key Cryptosystem Provably Secure Against Adaptive
               Chosen Ciphertext Attack},
  booktitle = {{CRYPTO}},
  series    = {Lecture Notes in Computer Science},
  volume    = {1462},
  pages     = {13--25},
  publisher = {Springer},
  year      = {1998}
}

@article{klpt,
  author    = {David Kohel and Kristin Lauter and Christophe Petit and Jean-Pierre Tignol},
  title     = {On the quaternion $\ell$-isogeny path problem},
  journal   = {LMS Journal of Computation and Mathematics},
  volume    = {17},
  number    = {suppl. A},
  pages     = {418--432},
  year      = {2014},
  note={\url{https://ia.cr/2014/505}},
}

@inproceedings{kohelthesis,
  title={Endomorphism rings of elliptic curves over finite fields},
  author={David R. Kohel},
  note   = {PhD thesis},
  year={1996}
}

@book {marcus,
    AUTHOR = {Daniel A. Marcus},
     TITLE = {Number fields},
    SERIES = {Universitext},
   edition = {second},
      NOTE = {With a foreword by Barry Mazur},
 PUBLISHER = {Springer},
      YEAR = {2018},
     PAGES = {xviii+203},
}

@article {grosszagier,
    AUTHOR = {Benedict H. Gross and Don B. Zagier},
     TITLE = {On singular moduli},
   JOURNAL = {Journal f\"{u}r die Reine und Angewandte Mathematik.},
    VOLUME = {355},
      YEAR = {1985},
     PAGES = {191--220},
}

@book {cox,
    AUTHOR = {David A. Cox},
     TITLE = {Primes of the form {$x^2 + ny^2$}: Fermat, class field theory, and complex multiplication},
    SERIES = {Pure and Applied Mathematics},
   EDITION = {second},
 PUBLISHER = {Wiley},
      YEAR = {2013},
     PAGES = {xviii+356},
}

@article {delfsgalbraith,
    AUTHOR = {Christina Delfs and Steven D. Galbraith},
     TITLE = {Computing isogenies between supersingular elliptic curves over
              {$\Bbb{F}_p$}},
   JOURNAL = {Designs, Codes and Cryptography},
    VOLUME = {78},
      YEAR = {2016},
    NUMBER = {2},
     PAGES = {425--440},
     note={\url{https://arxiv.org/abs/1310.7789}},
}

@misc{short,
    author = {Steven Galbraith and Lorenz Panny and Benjamin Smith and Frederik Vercauteren},
    title = {Quantum Equivalence of the {DLP and CDHP} for Group Actions},
    year = {2018},
    note = {Cryptology ePrint Archive 2018/1199, \url{https://ia.cr/2018/1199}},
}

@article {galbraithrotger,
    AUTHOR = {Steven Galbraith and Victor Rotger},
     TITLE = {Easy decision {D}iffie--{H}ellman groups},
  journal   = {LMS Journal of Computation and Mathematics},
  FJOURNAL = {LMS Journal of Computation and Mathematics},
    VOLUME = {7},
      YEAR = {2004},
     PAGES = {201--218},
     note={\url{https://ia.cr/2004/070}},
}


@book {lang,
    AUTHOR = {Serge Lang},
     TITLE = {Elliptic functions},
    SERIES = {Graduate Texts in Mathematics},
    VOLUME = {112},
   EDITION = {second},
      NOTE = {With an appendix by John Tate},
 PUBLISHER = {Springer},
      YEAR = {1987},
     PAGES = {xii+326},
}

@article {schoof,
    AUTHOR = {Schoof, Ren\'{e}},
     TITLE = {Nonsingular plane cubic curves over finite fields},
   JOURNAL = {J. Combin. Theory Ser. A},
  FJOURNAL = {Journal of Combinatorial Theory. Series A},
    VOLUME = {46},
      YEAR = {1987},
    NUMBER = {2},
     PAGES = {183--211},
}

@article{broker,
  author    = {Reinier BrÃ¶ker},
  title     = {Constructing supersingular elliptic curves},
  journal   = {Journal of Combinatorics and Number Theory },
  volume    = {1},
  number    = {3},
  pages     = {469--273},
  year      = {2009}
}

@misc{couveignes,
  title={Hard Homogeneous Spaces},
  author={Couveignes, Jean-Marc},
  note={IACR Cryptology ePrint Archive 2006/291, \url{https://ia.cr/2006/291}},
  year={1997},
}

@misc{NIST,
author={National Institute of Standards and Technology},
title={{Post-Quantum Cryptography Standardization}},
year={2016},
month=dec,
note = {\url{https://csrc.nist.gov/Projects/Post-Quantum-Cryptography/Post-Quantum-Cryptography-Standardization}}
}

@article{cgl,
  author    = {Denis Xavier Charles and
               Kristin E. Lauter and
               Eyal Z. Goren},
  title     = {Cryptographic Hash Functions from Expander Graphs},
  journal   = {Journal of Cryptology},
  volume    = {22},
  number    = {1},
  pages     = {93--113},
  year      = {2009},
  note       = {\url{https://ia.cr/2006/021}},
  doi       = {10.1007/s00145-007-9002-x},
  timestamp = {Thu, 18 May 2017 09:52:08 +0200},
  biburl    = {https://dblp.org/rec/bib/journals/joc/CharlesLG09},
  bibsource = {dblp computer science bibliography, https://dblp.org}
}


@inproceedings{csidh,
  note   = {\url{https://ia.cr/2018/383}},
  author    = {Wouter Castryck and
               Tanja Lange and
               Chloe Martindale and
               Lorenz Panny and
               Joost Renes},
  title     = {{CSIDH}: An Efficient Post-Quantum Commutative Group Action},
  booktitle = {ASIACRYPT~(3)},
  series    = {Lecture Notes in Computer Science},
  volume    = {11274},
  pages     = {395--427},
  publisher = {Springer},
  year      = {2018}
}

@inproceedings{EHL,
  author    = {Kirsten Eisentr{\"{a}}ger and
               Sean Hallgren and
               Kristin E. Lauter and
               Travis Morrison and
               Christophe Petit},
  title     = {Supersingular Isogeny Graphs and Endomorphism Rings: Reductions and
               Solutions},
  booktitle = {{EUROCRYPT}~(3)},
  pages     = {329--368},
  year      = {2018},
series    = {Lecture Notes in Computer Science},
  volume    = {10822},
  publisher = {Springer},
  note={\url{https://ia.cr/2018/371}},
  }


@article{hafnermccurley
,author={James L. Hafner and Kevin S. McCurley}
,ISSN={0894--0347}
,journal={Journal of the American Mathematical Society}
,MR={91f:11090}
,pages={837--850}
,title={{A rigorous subexponential algorithm for computation of class groups}}
,volume={2}
,year={1989}
}

@article{BKZ,
  author    = {Claus{-}Peter Schnorr and
               Martin Euchner},
  title     = {Lattice basis reduction: Improved practical algorithms and solving
               subset sum problems},
  journal   = {Mathematical Programming},
  volume    = {66},
  pages     = {181--199},
  year      = {1994},
  url       = {https://doi.org/10.1007/BF01581144},
  doi       = {10.1007/BF01581144},
  timestamp = {Wed, 14 Nov 2018 10:49:03 +0100},
  biburl    = {https://dblp.org/rec/bib/journals/mp/SchnorrE94},
  bibsource = {dblp computer science bibliography, https://dblp.org}
}

@article{kitaev,
  author    = {Alexei Y. Kitaev},
  title     = {Quantum measurements and the Abelian Stabilizer Problem},
  journal   = {Electronic Colloquium on Computational Complexity {(ECCC)}},
  volume    = {3},
  number    = {3},
  year      = {1996},
  note       = {\url{https://eccc.hpi-web.de/eccc-reports/1996/TR96-003}},
}

@book {tenenbaum,
    AUTHOR = {Tenenbaum, G\'{e}rald},
     TITLE = {Introduction to analytic and probabilistic number theory},
    SERIES = {Graduate Studies in Mathematics},
    VOLUME = {163},
   EDITION = {Third},
      NOTE = {Translated from the 2008 French edition by Patrick D. F. Ion},
 PUBLISHER = {American Mathematical Society, Providence, RI},
      YEAR = {2015},
     PAGES = {xxiv+629},
}

@InProceedings{csifish,
  note      = {\url{https://ia.cr/2018/485}},
  author    = {Beullens, Ward and
               Kleinjung, Thorsten and
               Vercauteren, Frederik},
  title     = {{CSI-FiSh}: Efficient isogeny based signatures through class group computations},
  booktitle = {ASIACRYPT~(1)},
  series    = {Lecture Notes in Computer Science},
  volume    = {11921},
  pages     = {227--247},
  publisher = {Springer},
  year      = {2019}
}

@InProceedings{DFKS,
  note      = {\url{https://ia.cr/2018/485}},
  author    = {Luca {De Feo} and
               Jean Kieffer and
               Benjamin Smith},
  title     = {Towards Practical Key Exchange from Ordinary Isogeny Graphs},
  booktitle = {ASIACRYPT~(3)},
  series    = {Lecture Notes in Computer Science},
  volume    = {11274},
  pages     = {365--394},
  publisher = {Springer},
  year      = {2018}
}

@article{smith,
  author    = {Benjamin Smith},
  title     = {Pre- and post-quantum {D}iffie--{H}ellman from groups, actions, and isogenies},
  note   = {{IACR} Cryptology ePrint Archive 2018/882. \url{https://ia.cr/2018/882}},
  year      = {2018},
}

@inproceedings{stolphd,
  title={Cryptographic Schemes Based on Isogenies},
  author={Stolbunov, Anton},
  note   = {PhD thesis},
  year={2012}
}

@article{Stolbunov10,
  author    = {Anton Stolbunov},
  title     = {Constructing public-key cryptographic schemes based on class group
               action on a set of isogenous elliptic curves},
  journal   = {Advances in Mathematics of Communication},
  volume    = {4},
  number    = {2},
  pages     = {215--235},
  year      = {2010}
}

@article{GV,
  author    = {Steven D. Galbraith and Frederik Vercauteren},
  title     = {Computational problems in supersingular elliptic curve isogenies},
  journal   = {Quantum Information Processing},
  volume    = {17},
  note   = {{IACR} Cryptology ePrint Archive 2017/774. \url{https://ia.cr/2017/774}},
  year      = {2018},
}

@inproceedings{gpst,
  author    = {Steven D. Galbraith and
               Christophe Petit and
               Barak Shani and
               {Yan Bo} Ti},
  title     = {On the Security of Supersingular Isogeny Cryptosystems},
  booktitle = {{ASIACRYPT}~(1)},
  series    = {Lecture Notes in Computer Science},
  volume    = {10031},
  pages     = {63--91},
  publisher = {Springer},
  year      = {2016},
  note = "\url{https://ia.cr/2016/859}",
}

@inproceedings{jao-defeo,
  author    = {David Jao and
               Luca {De Feo}},
  title     = {Towards Quantum-Resistant Cryptosystems from Supersingular Elliptic
               Curve Isogenies},
  booktitle = {PQCrypto},
  series    = {Lecture Notes in Computer Science},
  volume    = {7071},
  pages     = {19--34},
  publisher = {Springer},
  year      = {2011},
    note = "\url{https://ia.cr/2011/506}",
}

@book {silverman,
    AUTHOR = {Silverman, Joseph H.},
     TITLE = {The arithmetic of elliptic curves},
    SERIES = {Graduate Texts in Mathematics},
    VOLUME = {106},
   EDITION = {second},
 PUBLISHER = {Springer},
      YEAR = {2009},
     PAGES = {xx+513},
      ISBN = {978-0-387-09493-9},
}

@misc {mcmurdy,
  author = {McMurdy, Ken},
  title = {Explicit representation of the endomorphism rings of supersingular elliptic curves},
  year = {2014},
  note = {Preprint. \url{https://phobos.ramapo.edu/~kmcmurdy/research/McMurdy-ssEndoRings.pdf}},
}

@misc {conrad,
  author = {Conrad, Keith},
  title = {The conductor ideal},
  note = {Expository paper. \url{https://kconrad.math.uconn.edu/blurbs/gradnumthy/conductor.pdf}},
}

@article{kirschmer-voight,
  author    = {Markus Kirschmer and John Voight},
  title     = {Algorithmic Enumeration of Ideal Classes for Quaternion Orders},
  journal   = {{SIAM} Journal on Computing},
  volume    = {39},
  number    = {5},
  pages     = {1714--1747},
  year      = {2010},
  note       = {\url{https://arxiv.org/abs/0808.3833}},
}

@article{ibukiyama,
    author = "Ibukiyama, Tomoyoshi",
    journal = "Nagoya Mathematical Journal",
    pages = "181--195",
    title = "On maximal orders of division quaternion algebras over the rational number field with certain optimal embeddings",
    volume = "88",
    year = "1982",
}

@article{tate,
    author="Tate, John",
    title="Endomorphisms of abelian varieties over finite fields",
    journal="Inventiones mathematicae",
    year="1966",
    volume="2",
    number="2",
    pages="134--144",
}

@book{voight,
    author = "John Voight",
    title = "Quaternion algebras",
    version = "v0.9.15",
    year = "v0.9.15, May 2019",
    note = "\url{https://math.dartmouth.edu/~jvoight/quat-book.pdf}",
}

@article{waterhouse,
    author = "William C. Waterhouse",
    title = "Abelian varieties over finite fields",
    journal = "Ann. Sci. \'{E}cole Norm. Sup.",
    volume = 2,
    issue = 4,
    year = 1969,
    pages = "521--560",
    publisher = "Elsevier",
}

@article{bosma-stevenhagen,
 author = {Wieb Bosma and Peter Stevenhagen},
 journal = {Journal de ThÃ©orie des Nombres de Bordeaux},
 number = {2},
 pages = {283--313},
 publisher = {SociÃ©tÃ© ArithmÃ©tique de Bordeaux},
 title = {On the computation of quadratic 2-class groups},
 volume = {8},
 year = {1996},
}

@inproceedings{elligator,
  author    = {Daniel J. Bernstein and
               Mike Hamburg and
               Anna Krasnova and
               Tanja Lange},
  title     = {{Elligator}: elliptic-curve points indistinguishable from uniform random
               strings},
  booktitle = {{ACM} Conference on Computer and Communications Security},
  pages     = {967--980},
  publisher = {{ACM}},
  year      = {2013},
  note = {\url{https://ia.cr/2013/325}},
}

@article{bach,
  title={Explicit bounds for primality testing and related problems},
  author={Bach, Eric},
  journal={Mathematics of Computation},
  volume={55},
  number={191},
  pages={355--380},
  year={1990}
}

@article{miretsadornil,
author = {Miret, Josep and Sadornil, Daniel and Tena-Ayuso, Juan and Tom\`as, Rosana and Valls, Magda},
journal = {Publicacions Matem\`atiques},
pages = {165-180},
title = {Volcanoes of $\ell$-isogenies of elliptic curves over finite fields: {T}he case $\ell=3$},
volume = {51},
year = {2007},
}


@InProceedings{fouquetmorain,
author="Fouquet, Mireille
and Morain, Fran{\c{c}}ois",
editor="Fieker, Claus
and Kohel, David R.",
title="Isogeny Volcanoes and the {SEA} Algorithm",
booktitle="ANTS-V",
series    = "Lecture Notes in Computer Science",
volume    = "2369",
year="2002",
publisher="Springer",
pages="276--291",
}

@article{luca,
  author    = {Luca De Feo},
  title     = {Mathematics of Isogeny Based Cryptography},
  journal   = {CoRR},
  volume    = {abs/1711.04062},
  year      = {2017},
  url       = {http://arxiv.org/abs/1711.04062},
  archivePrefix = {arXiv},
  eprint    = {1711.04062},
  timestamp = {Mon, 13 Aug 2018 16:46:31 +0200},
  biburl    = {https://dblp.org/rec/bib/journals/corr/abs-1711-04062},
  bibsource = {dblp computer science bibliography, https://dblp.org}
}

@report{threebears,
  author = {Mike Hamburg},
  title = {Post-quantum cryptography proposal: ThreeBears},
  year = {2017},
  url = {https://csrc.nist.gov/Projects/post-quantum-cryptography/round-2-submissions},
}
